%YAML 1.1
%TAG !u! tag:unity3d.com,2011:
--- !u!29 &1
OcclusionCullingSettings:
  m_ObjectHideFlags: 0
  serializedVersion: 2
  m_OcclusionBakeSettings:
    smallestOccluder: 5
    smallestHole: 0.25
    backfaceThreshold: 100
  m_SceneGUID: 00000000000000000000000000000000
  m_OcclusionCullingData: {fileID: 0}
--- !u!104 &2
RenderSettings:
  m_ObjectHideFlags: 0
  serializedVersion: 9
  m_Fog: 0
  m_FogColor: {r: 0.5, g: 0.5, b: 0.5, a: 1}
  m_FogMode: 3
  m_FogDensity: 0.01
  m_LinearFogStart: 0
  m_LinearFogEnd: 300
  m_AmbientSkyColor: {r: 0.212, g: 0.227, b: 0.259, a: 1}
  m_AmbientEquatorColor: {r: 0.114, g: 0.125, b: 0.133, a: 1}
  m_AmbientGroundColor: {r: 0.047, g: 0.043, b: 0.035, a: 1}
  m_AmbientIntensity: 1
  m_AmbientMode: 3
  m_SubtractiveShadowColor: {r: 0.42, g: 0.478, b: 0.627, a: 1}
  m_SkyboxMaterial: {fileID: 0}
  m_HaloStrength: 0.5
  m_FlareStrength: 1
  m_FlareFadeSpeed: 3
  m_HaloTexture: {fileID: 0}
  m_SpotCookie: {fileID: 10001, guid: 0000000000000000e000000000000000, type: 0}
  m_DefaultReflectionMode: 0
  m_DefaultReflectionResolution: 128
  m_ReflectionBounces: 1
  m_ReflectionIntensity: 1
  m_CustomReflection: {fileID: 0}
  m_Sun: {fileID: 0}
  m_IndirectSpecularColor: {r: 0, g: 0, b: 0, a: 1}
  m_UseRadianceAmbientProbe: 0
--- !u!157 &3
LightmapSettings:
  m_ObjectHideFlags: 0
  serializedVersion: 11
  m_GIWorkflowMode: 1
  m_GISettings:
    serializedVersion: 2
    m_BounceScale: 1
    m_IndirectOutputScale: 1
    m_AlbedoBoost: 1
    m_TemporalCoherenceThreshold: 1
    m_EnvironmentLightingMode: 0
    m_EnableBakedLightmaps: 0
    m_EnableRealtimeLightmaps: 0
  m_LightmapEditorSettings:
    serializedVersion: 10
    m_Resolution: 2
    m_BakeResolution: 40
    m_AtlasSize: 1024
    m_AO: 0
    m_AOMaxDistance: 1
    m_CompAOExponent: 1
    m_CompAOExponentDirect: 0
    m_Padding: 2
    m_LightmapParameters: {fileID: 0}
    m_LightmapsBakeMode: 1
    m_TextureCompression: 1
    m_FinalGather: 0
    m_FinalGatherFiltering: 1
    m_FinalGatherRayCount: 256
    m_ReflectionCompression: 2
    m_MixedBakeMode: 2
    m_BakeBackend: 1
    m_PVRSampling: 1
    m_PVRDirectSampleCount: 32
    m_PVRSampleCount: 500
    m_PVRBounces: 2
    m_PVRFilterTypeDirect: 0
    m_PVRFilterTypeIndirect: 0
    m_PVRFilterTypeAO: 0
    m_PVRFilteringMode: 1
    m_PVRCulling: 1
    m_PVRFilteringGaussRadiusDirect: 1
    m_PVRFilteringGaussRadiusIndirect: 5
    m_PVRFilteringGaussRadiusAO: 2
    m_PVRFilteringAtrousPositionSigmaDirect: 0.5
    m_PVRFilteringAtrousPositionSigmaIndirect: 2
    m_PVRFilteringAtrousPositionSigmaAO: 1
    m_ShowResolutionOverlay: 1
  m_LightingDataAsset: {fileID: 0}
  m_UseShadowmask: 1
--- !u!196 &4
NavMeshSettings:
  serializedVersion: 2
  m_ObjectHideFlags: 0
  m_BuildSettings:
    serializedVersion: 2
    agentTypeID: 0
    agentRadius: 0.5
    agentHeight: 2
    agentSlope: 45
    agentClimb: 0.4
    ledgeDropHeight: 0
    maxJumpAcrossDistance: 0
    minRegionArea: 2
    manualCellSize: 0
    cellSize: 0.16666667
    manualTileSize: 0
    tileSize: 256
    accuratePlacement: 0
    debug:
      m_Flags: 0
  m_NavMeshData: {fileID: 0}
--- !u!1001 &28104587
Prefab:
  m_ObjectHideFlags: 0
  serializedVersion: 2
  m_Modification:
    m_TransformParent: {fileID: 0}
    m_Modifications:
    - target: {fileID: 4880951306137968, guid: ef88b2731d1d2e94e8732d5521c9c188, type: 2}
      propertyPath: m_LocalPosition.x
      value: 6.68
      objectReference: {fileID: 0}
    - target: {fileID: 4880951306137968, guid: ef88b2731d1d2e94e8732d5521c9c188, type: 2}
      propertyPath: m_LocalPosition.y
      value: -2.13
      objectReference: {fileID: 0}
    - target: {fileID: 4880951306137968, guid: ef88b2731d1d2e94e8732d5521c9c188, type: 2}
      propertyPath: m_LocalPosition.z
      value: 0.12626927
      objectReference: {fileID: 0}
    - target: {fileID: 4880951306137968, guid: ef88b2731d1d2e94e8732d5521c9c188, type: 2}
      propertyPath: m_LocalRotation.x
      value: 0
      objectReference: {fileID: 0}
    - target: {fileID: 4880951306137968, guid: ef88b2731d1d2e94e8732d5521c9c188, type: 2}
      propertyPath: m_LocalRotation.y
      value: 0
      objectReference: {fileID: 0}
    - target: {fileID: 4880951306137968, guid: ef88b2731d1d2e94e8732d5521c9c188, type: 2}
      propertyPath: m_LocalRotation.z
      value: 0
      objectReference: {fileID: 0}
    - target: {fileID: 4880951306137968, guid: ef88b2731d1d2e94e8732d5521c9c188, type: 2}
      propertyPath: m_LocalRotation.w
      value: 1
      objectReference: {fileID: 0}
    - target: {fileID: 4880951306137968, guid: ef88b2731d1d2e94e8732d5521c9c188, type: 2}
      propertyPath: m_RootOrder
      value: 9
      objectReference: {fileID: 0}
    m_RemovedComponents: []
  m_SourcePrefab: {fileID: 100100000, guid: ef88b2731d1d2e94e8732d5521c9c188, type: 2}
  m_IsPrefabAsset: 0
--- !u!1001 &82521734
Prefab:
  m_ObjectHideFlags: 0
  serializedVersion: 2
  m_Modification:
    m_TransformParent: {fileID: 0}
    m_Modifications:
    - target: {fileID: 4194181986665876, guid: 9956a3b2969e9be409d27bce6835efdc, type: 2}
      propertyPath: m_LocalPosition.x
      value: 2.38
      objectReference: {fileID: 0}
    - target: {fileID: 4194181986665876, guid: 9956a3b2969e9be409d27bce6835efdc, type: 2}
      propertyPath: m_LocalPosition.y
      value: 1
      objectReference: {fileID: 0}
    - target: {fileID: 4194181986665876, guid: 9956a3b2969e9be409d27bce6835efdc, type: 2}
      propertyPath: m_LocalPosition.z
      value: 0
      objectReference: {fileID: 0}
    - target: {fileID: 4194181986665876, guid: 9956a3b2969e9be409d27bce6835efdc, type: 2}
      propertyPath: m_LocalRotation.x
      value: -0
      objectReference: {fileID: 0}
    - target: {fileID: 4194181986665876, guid: 9956a3b2969e9be409d27bce6835efdc, type: 2}
      propertyPath: m_LocalRotation.y
      value: -0
      objectReference: {fileID: 0}
    - target: {fileID: 4194181986665876, guid: 9956a3b2969e9be409d27bce6835efdc, type: 2}
      propertyPath: m_LocalRotation.z
      value: -0
      objectReference: {fileID: 0}
    - target: {fileID: 4194181986665876, guid: 9956a3b2969e9be409d27bce6835efdc, type: 2}
      propertyPath: m_LocalRotation.w
      value: 1
      objectReference: {fileID: 0}
    - target: {fileID: 4194181986665876, guid: 9956a3b2969e9be409d27bce6835efdc, type: 2}
      propertyPath: m_RootOrder
      value: 10
      objectReference: {fileID: 0}
    m_RemovedComponents: []
  m_SourcePrefab: {fileID: 100100000, guid: 9956a3b2969e9be409d27bce6835efdc, type: 2}
  m_IsPrefabAsset: 0
--- !u!1001 &344337243
Prefab:
  m_ObjectHideFlags: 0
  serializedVersion: 2
  m_Modification:
    m_TransformParent: {fileID: 0}
    m_Modifications:
    - target: {fileID: 4867229212827392, guid: f664086668ab27749a52d00cc4c2886c, type: 2}
      propertyPath: m_LocalPosition.x
      value: 5.826
      objectReference: {fileID: 0}
    - target: {fileID: 4867229212827392, guid: f664086668ab27749a52d00cc4c2886c, type: 2}
      propertyPath: m_LocalPosition.y
      value: 0.31
      objectReference: {fileID: 0}
    - target: {fileID: 4867229212827392, guid: f664086668ab27749a52d00cc4c2886c, type: 2}
      propertyPath: m_LocalPosition.z
      value: 0
      objectReference: {fileID: 0}
    - target: {fileID: 4867229212827392, guid: f664086668ab27749a52d00cc4c2886c, type: 2}
      propertyPath: m_LocalRotation.x
      value: 0
      objectReference: {fileID: 0}
    - target: {fileID: 4867229212827392, guid: f664086668ab27749a52d00cc4c2886c, type: 2}
      propertyPath: m_LocalRotation.y
      value: 0
      objectReference: {fileID: 0}
    - target: {fileID: 4867229212827392, guid: f664086668ab27749a52d00cc4c2886c, type: 2}
      propertyPath: m_LocalRotation.z
      value: 0
      objectReference: {fileID: 0}
    - target: {fileID: 4867229212827392, guid: f664086668ab27749a52d00cc4c2886c, type: 2}
      propertyPath: m_LocalRotation.w
      value: 1
      objectReference: {fileID: 0}
    - target: {fileID: 4867229212827392, guid: f664086668ab27749a52d00cc4c2886c, type: 2}
      propertyPath: m_RootOrder
      value: 4
      objectReference: {fileID: 0}
    m_RemovedComponents: []
  m_SourcePrefab: {fileID: 100100000, guid: f664086668ab27749a52d00cc4c2886c, type: 2}
  m_IsPrefabAsset: 0
--- !u!1 &476116507
GameObject:
  m_ObjectHideFlags: 0
  m_CorrespondingSourceObject: {fileID: 0}
  m_PrefabInternal: {fileID: 0}
  serializedVersion: 6
  m_Component:
  - component: {fileID: 476116510}
  - component: {fileID: 476116509}
  - component: {fileID: 476116508}
  m_Layer: 0
  m_Name: 'tractorBeam '
  m_TagString: Untagged
  m_Icon: {fileID: 0}
  m_NavMeshLayer: 0
  m_StaticEditorFlags: 0
  m_IsActive: 1
--- !u!95 &476116508
Animator:
  serializedVersion: 3
  m_ObjectHideFlags: 0
  m_CorrespondingSourceObject: {fileID: 0}
  m_PrefabInternal: {fileID: 0}
  m_GameObject: {fileID: 476116507}
  m_Enabled: 1
  m_Avatar: {fileID: 0}
  m_Controller: {fileID: 9100000, guid: 9aa728a1f839ba44c885aabdeaa2ba15, type: 2}
  m_CullingMode: 0
  m_UpdateMode: 0
  m_ApplyRootMotion: 0
  m_LinearVelocityBlending: 0
  m_WarningMessage: 
  m_HasTransformHierarchy: 1
  m_AllowConstantClipSamplingOptimization: 1
  m_KeepAnimatorControllerStateOnDisable: 0
--- !u!212 &476116509
SpriteRenderer:
  m_ObjectHideFlags: 0
  m_CorrespondingSourceObject: {fileID: 0}
  m_PrefabInternal: {fileID: 0}
  m_GameObject: {fileID: 476116507}
  m_Enabled: 1
  m_CastShadows: 0
  m_ReceiveShadows: 0
  m_DynamicOccludee: 1
  m_MotionVectors: 1
  m_LightProbeUsage: 1
  m_ReflectionProbeUsage: 1
  m_RenderingLayerMask: 4294967295
  m_Materials:
  - {fileID: 10754, guid: 0000000000000000f000000000000000, type: 0}
  m_StaticBatchInfo:
    firstSubMesh: 0
    subMeshCount: 0
  m_StaticBatchRoot: {fileID: 0}
  m_ProbeAnchor: {fileID: 0}
  m_LightProbeVolumeOverride: {fileID: 0}
  m_ScaleInLightmap: 1
  m_PreserveUVs: 0
  m_IgnoreNormalsForChartDetection: 0
  m_ImportantGI: 0
  m_StitchLightmapSeams: 0
  m_SelectedEditorRenderState: 0
  m_MinimumChartSize: 4
  m_AutoUVMaxDistance: 0.5
  m_AutoUVMaxAngle: 89
  m_LightmapParameters: {fileID: 0}
  m_SortingLayerID: 0
  m_SortingLayer: 0
  m_SortingOrder: 0
  m_Sprite: {fileID: 21300000, guid: 3c41156da83af7641b893319e309d974, type: 3}
  m_Color: {r: 1, g: 1, b: 1, a: 1}
  m_FlipX: 0
  m_FlipY: 0
  m_DrawMode: 0
  m_Size: {x: 3.99, y: 3.16}
  m_AdaptiveModeThreshold: 0.5
  m_SpriteTileMode: 0
  m_WasSpriteAssigned: 1
  m_MaskInteraction: 0
  m_SpriteSortPoint: 0
--- !u!4 &476116510
Transform:
  m_ObjectHideFlags: 0
  m_CorrespondingSourceObject: {fileID: 0}
  m_PrefabInternal: {fileID: 0}
  m_GameObject: {fileID: 476116507}
  m_LocalRotation: {x: 0, y: 0, z: 0, w: 1}
  m_LocalPosition: {x: -32.777912, y: -10.8473835, z: 0}
  m_LocalScale: {x: 1, y: 1, z: 1}
  m_Children: []
  m_Father: {fileID: 0}
  m_RootOrder: 13
  m_LocalEulerAnglesHint: {x: 0, y: 0, z: 0}
--- !u!1001 &702207610
Prefab:
  m_ObjectHideFlags: 0
  serializedVersion: 2
  m_Modification:
    m_TransformParent: {fileID: 0}
    m_Modifications:
    - target: {fileID: 4307535832276276, guid: f9fa691b61b1e264398a40cfe60dc1fa, type: 2}
      propertyPath: m_LocalPosition.x
      value: 0.28
      objectReference: {fileID: 0}
    - target: {fileID: 4307535832276276, guid: f9fa691b61b1e264398a40cfe60dc1fa, type: 2}
      propertyPath: m_LocalPosition.y
      value: 1
      objectReference: {fileID: 0}
    - target: {fileID: 4307535832276276, guid: f9fa691b61b1e264398a40cfe60dc1fa, type: 2}
      propertyPath: m_LocalPosition.z
      value: 0
      objectReference: {fileID: 0}
    - target: {fileID: 4307535832276276, guid: f9fa691b61b1e264398a40cfe60dc1fa, type: 2}
      propertyPath: m_LocalRotation.x
      value: -0
      objectReference: {fileID: 0}
    - target: {fileID: 4307535832276276, guid: f9fa691b61b1e264398a40cfe60dc1fa, type: 2}
      propertyPath: m_LocalRotation.y
      value: -0
      objectReference: {fileID: 0}
    - target: {fileID: 4307535832276276, guid: f9fa691b61b1e264398a40cfe60dc1fa, type: 2}
      propertyPath: m_LocalRotation.z
      value: -0
      objectReference: {fileID: 0}
    - target: {fileID: 4307535832276276, guid: f9fa691b61b1e264398a40cfe60dc1fa, type: 2}
      propertyPath: m_LocalRotation.w
      value: 1
      objectReference: {fileID: 0}
    - target: {fileID: 4307535832276276, guid: f9fa691b61b1e264398a40cfe60dc1fa, type: 2}
      propertyPath: m_RootOrder
      value: 11
      objectReference: {fileID: 0}
    m_RemovedComponents: []
  m_SourcePrefab: {fileID: 100100000, guid: f9fa691b61b1e264398a40cfe60dc1fa, type: 2}
  m_IsPrefabAsset: 0
--- !u!1001 &896437072
Prefab:
  m_ObjectHideFlags: 0
  serializedVersion: 2
  m_Modification:
    m_TransformParent: {fileID: 0}
    m_Modifications:
    - target: {fileID: 114517385300270870, guid: 71f77cbdfbfe16e469255009df24368f,
        type: 2}
      propertyPath: sounds.Array.size
      value: 7
      objectReference: {fileID: 0}
    - target: {fileID: 4973906664656522, guid: 71f77cbdfbfe16e469255009df24368f, type: 2}
      propertyPath: m_LocalPosition.x
      value: 11.75
      objectReference: {fileID: 0}
    - target: {fileID: 4973906664656522, guid: 71f77cbdfbfe16e469255009df24368f, type: 2}
      propertyPath: m_LocalPosition.y
      value: 10.5
      objectReference: {fileID: 0}
    - target: {fileID: 4973906664656522, guid: 71f77cbdfbfe16e469255009df24368f, type: 2}
      propertyPath: m_LocalPosition.z
      value: 0
      objectReference: {fileID: 0}
    - target: {fileID: 4973906664656522, guid: 71f77cbdfbfe16e469255009df24368f, type: 2}
      propertyPath: m_LocalRotation.x
      value: -0
      objectReference: {fileID: 0}
    - target: {fileID: 4973906664656522, guid: 71f77cbdfbfe16e469255009df24368f, type: 2}
      propertyPath: m_LocalRotation.y
      value: -0
      objectReference: {fileID: 0}
    - target: {fileID: 4973906664656522, guid: 71f77cbdfbfe16e469255009df24368f, type: 2}
      propertyPath: m_LocalRotation.z
      value: -0
      objectReference: {fileID: 0}
    - target: {fileID: 4973906664656522, guid: 71f77cbdfbfe16e469255009df24368f, type: 2}
      propertyPath: m_LocalRotation.w
      value: 1
      objectReference: {fileID: 0}
    - target: {fileID: 4973906664656522, guid: 71f77cbdfbfe16e469255009df24368f, type: 2}
      propertyPath: m_RootOrder
      value: 2
      objectReference: {fileID: 0}
    - target: {fileID: 114517385300270870, guid: 71f77cbdfbfe16e469255009df24368f,
        type: 2}
      propertyPath: sounds.Array.data[6].name
      value: coinRain
      objectReference: {fileID: 0}
    - target: {fileID: 114517385300270870, guid: 71f77cbdfbfe16e469255009df24368f,
        type: 2}
      propertyPath: sounds.Array.data[6].clip
      value: 
      objectReference: {fileID: 8300000, guid: 4d4ea55a4276e2f4eb31d4728361ffee, type: 3}
    - target: {fileID: 114517385300270870, guid: 71f77cbdfbfe16e469255009df24368f,
        type: 2}
      propertyPath: sounds.Array.data[6].volume
      value: 1
      objectReference: {fileID: 0}
    m_RemovedComponents: []
  m_SourcePrefab: {fileID: 100100000, guid: 71f77cbdfbfe16e469255009df24368f, type: 2}
  m_IsPrefabAsset: 0
--- !u!1 &1019271884
GameObject:
  m_ObjectHideFlags: 0
  m_CorrespondingSourceObject: {fileID: 0}
  m_PrefabInternal: {fileID: 0}
  serializedVersion: 6
  m_Component:
  - component: {fileID: 1019271887}
  - component: {fileID: 1019271886}
  - component: {fileID: 1019271885}
  m_Layer: 0
  m_Name: Main Camera
  m_TagString: MainCamera
  m_Icon: {fileID: 0}
  m_NavMeshLayer: 0
  m_StaticEditorFlags: 0
  m_IsActive: 1
--- !u!81 &1019271885
AudioListener:
  m_ObjectHideFlags: 0
  m_CorrespondingSourceObject: {fileID: 0}
  m_PrefabInternal: {fileID: 0}
  m_GameObject: {fileID: 1019271884}
  m_Enabled: 1
--- !u!20 &1019271886
Camera:
  m_ObjectHideFlags: 0
  m_CorrespondingSourceObject: {fileID: 0}
  m_PrefabInternal: {fileID: 0}
  m_GameObject: {fileID: 1019271884}
  m_Enabled: 1
  serializedVersion: 2
  m_ClearFlags: 1
  m_BackGroundColor: {r: 0.19215687, g: 0.3019608, b: 0.4745098, a: 0}
  m_projectionMatrixMode: 1
  m_SensorSize: {x: 36, y: 24}
  m_LensShift: {x: 0, y: 0}
  m_FocalLength: 50
  m_NormalizedViewPortRect:
    serializedVersion: 2
    x: 0
    y: 0
    width: 1
    height: 1
  near clip plane: 0.3
  far clip plane: 1000
  field of view: 60
  orthographic: 1
  orthographic size: 5
  m_Depth: -1
  m_CullingMask:
    serializedVersion: 2
    m_Bits: 4294967295
  m_RenderingPath: -1
  m_TargetTexture: {fileID: 0}
  m_TargetDisplay: 0
  m_TargetEye: 3
  m_HDR: 1
  m_AllowMSAA: 1
  m_AllowDynamicResolution: 0
  m_ForceIntoRT: 0
  m_OcclusionCulling: 1
  m_StereoConvergence: 10
  m_StereoSeparation: 0.022
--- !u!4 &1019271887
Transform:
  m_ObjectHideFlags: 0
  m_CorrespondingSourceObject: {fileID: 0}
  m_PrefabInternal: {fileID: 0}
  m_GameObject: {fileID: 1019271884}
  m_LocalRotation: {x: 0, y: 0, z: 0, w: 1}
  m_LocalPosition: {x: 0, y: 0, z: -10}
  m_LocalScale: {x: 1, y: 1, z: 1}
  m_Children: []
  m_Father: {fileID: 0}
  m_RootOrder: 0
  m_LocalEulerAnglesHint: {x: 0, y: 0, z: 0}
--- !u!1001 &1073037081
Prefab:
  m_ObjectHideFlags: 0
  serializedVersion: 2
  m_Modification:
    m_TransformParent: {fileID: 0}
    m_Modifications:
    - target: {fileID: 4526128805838930, guid: 98cd20f22f3ad8545b0d6df5af4d5a6a, type: 2}
      propertyPath: m_LocalPosition.x
      value: 2.65
      objectReference: {fileID: 0}
    - target: {fileID: 4526128805838930, guid: 98cd20f22f3ad8545b0d6df5af4d5a6a, type: 2}
      propertyPath: m_LocalPosition.y
      value: 0.08
      objectReference: {fileID: 0}
    - target: {fileID: 4526128805838930, guid: 98cd20f22f3ad8545b0d6df5af4d5a6a, type: 2}
      propertyPath: m_LocalPosition.z
      value: -0.109375
      objectReference: {fileID: 0}
    - target: {fileID: 4526128805838930, guid: 98cd20f22f3ad8545b0d6df5af4d5a6a, type: 2}
      propertyPath: m_LocalRotation.x
      value: 0
      objectReference: {fileID: 0}
    - target: {fileID: 4526128805838930, guid: 98cd20f22f3ad8545b0d6df5af4d5a6a, type: 2}
      propertyPath: m_LocalRotation.y
      value: 0
      objectReference: {fileID: 0}
    - target: {fileID: 4526128805838930, guid: 98cd20f22f3ad8545b0d6df5af4d5a6a, type: 2}
      propertyPath: m_LocalRotation.z
      value: 0
      objectReference: {fileID: 0}
    - target: {fileID: 4526128805838930, guid: 98cd20f22f3ad8545b0d6df5af4d5a6a, type: 2}
      propertyPath: m_LocalRotation.w
      value: 1
      objectReference: {fileID: 0}
    - target: {fileID: 4526128805838930, guid: 98cd20f22f3ad8545b0d6df5af4d5a6a, type: 2}
      propertyPath: m_RootOrder
      value: 5
      objectReference: {fileID: 0}
    m_RemovedComponents: []
  m_SourcePrefab: {fileID: 100100000, guid: 98cd20f22f3ad8545b0d6df5af4d5a6a, type: 2}
  m_IsPrefabAsset: 0
--- !u!1001 &1086876607
Prefab:
  m_ObjectHideFlags: 0
  serializedVersion: 2
  m_Modification:
    m_TransformParent: {fileID: 0}
    m_Modifications:
    - target: {fileID: 4167206766581650, guid: ff757107acb836741b41d22ffadf16ff, type: 2}
      propertyPath: m_LocalPosition.x
      value: -1.2496436
      objectReference: {fileID: 0}
    - target: {fileID: 4167206766581650, guid: ff757107acb836741b41d22ffadf16ff, type: 2}
      propertyPath: m_LocalPosition.y
      value: 1.9253554
      objectReference: {fileID: 0}
    - target: {fileID: 4167206766581650, guid: ff757107acb836741b41d22ffadf16ff, type: 2}
      propertyPath: m_LocalPosition.z
      value: 0
      objectReference: {fileID: 0}
    - target: {fileID: 4167206766581650, guid: ff757107acb836741b41d22ffadf16ff, type: 2}
      propertyPath: m_LocalRotation.x
      value: 0
      objectReference: {fileID: 0}
    - target: {fileID: 4167206766581650, guid: ff757107acb836741b41d22ffadf16ff, type: 2}
      propertyPath: m_LocalRotation.y
      value: 0
      objectReference: {fileID: 0}
    - target: {fileID: 4167206766581650, guid: ff757107acb836741b41d22ffadf16ff, type: 2}
      propertyPath: m_LocalRotation.z
      value: 0
      objectReference: {fileID: 0}
    - target: {fileID: 4167206766581650, guid: ff757107acb836741b41d22ffadf16ff, type: 2}
      propertyPath: m_LocalRotation.w
      value: 1
      objectReference: {fileID: 0}
    - target: {fileID: 4167206766581650, guid: ff757107acb836741b41d22ffadf16ff, type: 2}
      propertyPath: m_RootOrder
      value: 1
      objectReference: {fileID: 0}
    m_RemovedComponents: []
  m_SourcePrefab: {fileID: 100100000, guid: ff757107acb836741b41d22ffadf16ff, type: 2}
  m_IsPrefabAsset: 0
--- !u!1001 &1227250871
Prefab:
  m_ObjectHideFlags: 0
  serializedVersion: 2
  m_Modification:
    m_TransformParent: {fileID: 0}
    m_Modifications:
    - target: {fileID: 4213524706626854, guid: 4298982b0a5bef245929a33c19c1f79d, type: 2}
      propertyPath: m_LocalPosition.x
      value: 1.8402976
      objectReference: {fileID: 0}
    - target: {fileID: 4213524706626854, guid: 4298982b0a5bef245929a33c19c1f79d, type: 2}
      propertyPath: m_LocalPosition.y
      value: -2.2035158
      objectReference: {fileID: 0}
    - target: {fileID: 4213524706626854, guid: 4298982b0a5bef245929a33c19c1f79d, type: 2}
      propertyPath: m_LocalPosition.z
      value: -0.037407782
      objectReference: {fileID: 0}
    - target: {fileID: 4213524706626854, guid: 4298982b0a5bef245929a33c19c1f79d, type: 2}
      propertyPath: m_LocalRotation.x
      value: 0
      objectReference: {fileID: 0}
    - target: {fileID: 4213524706626854, guid: 4298982b0a5bef245929a33c19c1f79d, type: 2}
      propertyPath: m_LocalRotation.y
      value: 0
      objectReference: {fileID: 0}
    - target: {fileID: 4213524706626854, guid: 4298982b0a5bef245929a33c19c1f79d, type: 2}
      propertyPath: m_LocalRotation.z
      value: 0
      objectReference: {fileID: 0}
    - target: {fileID: 4213524706626854, guid: 4298982b0a5bef245929a33c19c1f79d, type: 2}
      propertyPath: m_LocalRotation.w
      value: 1
      objectReference: {fileID: 0}
    - target: {fileID: 4213524706626854, guid: 4298982b0a5bef245929a33c19c1f79d, type: 2}
      propertyPath: m_RootOrder
      value: 6
      objectReference: {fileID: 0}
    m_RemovedComponents: []
  m_SourcePrefab: {fileID: 100100000, guid: 4298982b0a5bef245929a33c19c1f79d, type: 2}
  m_IsPrefabAsset: 0
--- !u!1 &1304603827
GameObject:
  m_ObjectHideFlags: 0
  m_CorrespondingSourceObject: {fileID: 0}
  m_PrefabInternal: {fileID: 0}
  serializedVersion: 6
  m_Component:
  - component: {fileID: 1304603830}
  - component: {fileID: 1304603829}
  - component: {fileID: 1304603828}
  m_Layer: 0
  m_Name: EventSystem
  m_TagString: Untagged
  m_Icon: {fileID: 0}
  m_NavMeshLayer: 0
  m_StaticEditorFlags: 0
  m_IsActive: 1
--- !u!114 &1304603828
MonoBehaviour:
  m_ObjectHideFlags: 0
  m_CorrespondingSourceObject: {fileID: 0}
  m_PrefabInternal: {fileID: 0}
  m_GameObject: {fileID: 1304603827}
  m_Enabled: 1
  m_EditorHideFlags: 0
  m_Script: {fileID: 1077351063, guid: f70555f144d8491a825f0804e09c671c, type: 3}
  m_Name: 
  m_EditorClassIdentifier: 
  m_HorizontalAxis: Horizontal
  m_VerticalAxis: Vertical
  m_SubmitButton: Submit
  m_CancelButton: Cancel
  m_InputActionsPerSecond: 10
  m_RepeatDelay: 0.5
  m_ForceModuleActive: 0
--- !u!114 &1304603829
MonoBehaviour:
  m_ObjectHideFlags: 0
  m_CorrespondingSourceObject: {fileID: 0}
  m_PrefabInternal: {fileID: 0}
  m_GameObject: {fileID: 1304603827}
  m_Enabled: 1
  m_EditorHideFlags: 0
  m_Script: {fileID: -619905303, guid: f70555f144d8491a825f0804e09c671c, type: 3}
  m_Name: 
  m_EditorClassIdentifier: 
  m_FirstSelected: {fileID: 0}
  m_sendNavigationEvents: 1
  m_DragThreshold: 10
--- !u!4 &1304603830
Transform:
  m_ObjectHideFlags: 0
  m_CorrespondingSourceObject: {fileID: 0}
  m_PrefabInternal: {fileID: 0}
  m_GameObject: {fileID: 1304603827}
  m_LocalRotation: {x: 0, y: 0, z: 0, w: 1}
  m_LocalPosition: {x: 0, y: 0, z: 0}
  m_LocalScale: {x: 1, y: 1, z: 1}
  m_Children: []
  m_Father: {fileID: 0}
  m_RootOrder: 14
  m_LocalEulerAnglesHint: {x: 0, y: 0, z: 0}
--- !u!1001 &1661420713
Prefab:
  m_ObjectHideFlags: 0
  serializedVersion: 2
  m_Modification:
    m_TransformParent: {fileID: 0}
    m_Modifications:
    - target: {fileID: 4267465454891804, guid: af3f7d36825df6f4dbbe4071cd7c97ed, type: 2}
      propertyPath: m_LocalPosition.x
      value: 0
      objectReference: {fileID: 0}
    - target: {fileID: 4267465454891804, guid: af3f7d36825df6f4dbbe4071cd7c97ed, type: 2}
      propertyPath: m_LocalPosition.y
      value: -1.7
      objectReference: {fileID: 0}
    - target: {fileID: 4267465454891804, guid: af3f7d36825df6f4dbbe4071cd7c97ed, type: 2}
      propertyPath: m_LocalPosition.z
      value: 0
      objectReference: {fileID: 0}
    - target: {fileID: 4267465454891804, guid: af3f7d36825df6f4dbbe4071cd7c97ed, type: 2}
      propertyPath: m_LocalRotation.x
      value: 0
      objectReference: {fileID: 0}
    - target: {fileID: 4267465454891804, guid: af3f7d36825df6f4dbbe4071cd7c97ed, type: 2}
      propertyPath: m_LocalRotation.y
      value: 0
      objectReference: {fileID: 0}
    - target: {fileID: 4267465454891804, guid: af3f7d36825df6f4dbbe4071cd7c97ed, type: 2}
      propertyPath: m_LocalRotation.z
      value: 0
      objectReference: {fileID: 0}
    - target: {fileID: 4267465454891804, guid: af3f7d36825df6f4dbbe4071cd7c97ed, type: 2}
      propertyPath: m_LocalRotation.w
      value: 1
      objectReference: {fileID: 0}
    - target: {fileID: 4267465454891804, guid: af3f7d36825df6f4dbbe4071cd7c97ed, type: 2}
      propertyPath: m_RootOrder
      value: 3
      objectReference: {fileID: 0}
    - target: {fileID: 1961436725936972, guid: af3f7d36825df6f4dbbe4071cd7c97ed, type: 2}
      propertyPath: m_IsActive
      value: 1
      objectReference: {fileID: 0}
    m_RemovedComponents: []
  m_SourcePrefab: {fileID: 100100000, guid: af3f7d36825df6f4dbbe4071cd7c97ed, type: 2}
  m_IsPrefabAsset: 0
--- !u!1001 &1721907450
Prefab:
  m_ObjectHideFlags: 0
  serializedVersion: 2
  m_Modification:
    m_TransformParent: {fileID: 0}
    m_Modifications:
    - target: {fileID: 4810229902591066, guid: a81a6a2c1f0ee5741b81c561d26adcd5, type: 2}
      propertyPath: m_LocalPosition.x
      value: 0.474
      objectReference: {fileID: 0}
    - target: {fileID: 4810229902591066, guid: a81a6a2c1f0ee5741b81c561d26adcd5, type: 2}
      propertyPath: m_LocalPosition.y
      value: 7.771
      objectReference: {fileID: 0}
    - target: {fileID: 4810229902591066, guid: a81a6a2c1f0ee5741b81c561d26adcd5, type: 2}
      propertyPath: m_LocalPosition.z
      value: 0
      objectReference: {fileID: 0}
    - target: {fileID: 4810229902591066, guid: a81a6a2c1f0ee5741b81c561d26adcd5, type: 2}
      propertyPath: m_LocalRotation.x
      value: 0
      objectReference: {fileID: 0}
    - target: {fileID: 4810229902591066, guid: a81a6a2c1f0ee5741b81c561d26adcd5, type: 2}
      propertyPath: m_LocalRotation.y
      value: 0
      objectReference: {fileID: 0}
    - target: {fileID: 4810229902591066, guid: a81a6a2c1f0ee5741b81c561d26adcd5, type: 2}
      propertyPath: m_LocalRotation.z
      value: 0
      objectReference: {fileID: 0}
    - target: {fileID: 4810229902591066, guid: a81a6a2c1f0ee5741b81c561d26adcd5, type: 2}
      propertyPath: m_LocalRotation.w
      value: 1
      objectReference: {fileID: 0}
    - target: {fileID: 4810229902591066, guid: a81a6a2c1f0ee5741b81c561d26adcd5, type: 2}
      propertyPath: m_RootOrder
      value: 8
      objectReference: {fileID: 0}
    m_RemovedComponents: []
  m_SourcePrefab: {fileID: 100100000, guid: a81a6a2c1f0ee5741b81c561d26adcd5, type: 2}
  m_IsPrefabAsset: 0
--- !u!1001 &2000302263
Prefab:
  m_ObjectHideFlags: 0
  serializedVersion: 2
  m_Modification:
    m_TransformParent: {fileID: 0}
    m_Modifications:
    - target: {fileID: 4908577428026228, guid: 2ad92ba5c957a8547be3b46c305835cf, type: 2}
      propertyPath: m_LocalPosition.x
      value: 10.83
      objectReference: {fileID: 0}
    - target: {fileID: 4908577428026228, guid: 2ad92ba5c957a8547be3b46c305835cf, type: 2}
      propertyPath: m_LocalPosition.y
      value: 1.273
      objectReference: {fileID: 0}
    - target: {fileID: 4908577428026228, guid: 2ad92ba5c957a8547be3b46c305835cf, type: 2}
      propertyPath: m_LocalPosition.z
      value: 0.115478516
      objectReference: {fileID: 0}
    - target: {fileID: 4908577428026228, guid: 2ad92ba5c957a8547be3b46c305835cf, type: 2}
      propertyPath: m_LocalRotation.x
      value: 0
      objectReference: {fileID: 0}
    - target: {fileID: 4908577428026228, guid: 2ad92ba5c957a8547be3b46c305835cf, type: 2}
      propertyPath: m_LocalRotation.y
      value: 0
      objectReference: {fileID: 0}
    - target: {fileID: 4908577428026228, guid: 2ad92ba5c957a8547be3b46c305835cf, type: 2}
      propertyPath: m_LocalRotation.z
      value: 0
      objectReference: {fileID: 0}
    - target: {fileID: 4908577428026228, guid: 2ad92ba5c957a8547be3b46c305835cf, type: 2}
      propertyPath: m_LocalRotation.w
      value: 1
      objectReference: {fileID: 0}
    - target: {fileID: 4908577428026228, guid: 2ad92ba5c957a8547be3b46c305835cf, type: 2}
      propertyPath: m_RootOrder
      value: 7
      objectReference: {fileID: 0}
    m_RemovedComponents: []
  m_SourcePrefab: {fileID: 100100000, guid: 2ad92ba5c957a8547be3b46c305835cf, type: 2}
  m_IsPrefabAsset: 0
--- !u!1001 &2061715886
Prefab:
  m_ObjectHideFlags: 0
  serializedVersion: 2
  m_Modification:
    m_TransformParent: {fileID: 0}
    m_Modifications:
    - target: {fileID: 4389193899096348, guid: 4e9028cacf32fe34197ff1aa14f25871, type: 2}
      propertyPath: m_LocalPosition.x
      value: 2.38
      objectReference: {fileID: 0}
    - target: {fileID: 4389193899096348, guid: 4e9028cacf32fe34197ff1aa14f25871, type: 2}
      propertyPath: m_LocalPosition.y
      value: 1
      objectReference: {fileID: 0}
    - target: {fileID: 4389193899096348, guid: 4e9028cacf32fe34197ff1aa14f25871, type: 2}
      propertyPath: m_LocalPosition.z
      value: 0
      objectReference: {fileID: 0}
    - target: {fileID: 4389193899096348, guid: 4e9028cacf32fe34197ff1aa14f25871, type: 2}
      propertyPath: m_LocalRotation.x
      value: -0
      objectReference: {fileID: 0}
    - target: {fileID: 4389193899096348, guid: 4e9028cacf32fe34197ff1aa14f25871, type: 2}
      propertyPath: m_LocalRotation.y
      value: -0
      objectReference: {fileID: 0}
    - target: {fileID: 4389193899096348, guid: 4e9028cacf32fe34197ff1aa14f25871, type: 2}
      propertyPath: m_LocalRotation.z
      value: -0
      objectReference: {fileID: 0}
    - target: {fileID: 4389193899096348, guid: 4e9028cacf32fe34197ff1aa14f25871, type: 2}
      propertyPath: m_LocalRotation.w
      value: 1
      objectReference: {fileID: 0}
    - target: {fileID: 4389193899096348, guid: 4e9028cacf32fe34197ff1aa14f25871, type: 2}
      propertyPath: m_RootOrder
      value: 12
      objectReference: {fileID: 0}
    m_RemovedComponents: []
  m_SourcePrefab: {fileID: 100100000, guid: 4e9028cacf32fe34197ff1aa14f25871, type: 2}
  m_IsPrefabAsset: 0
